@online{Bibtex2021,
	author = {{Overleaf Learn website Authors}},
	title = {{Bibliography management with bibtex}},
	year = {2021},
	month = {Feb},
	date = {2021-02-17},
	urldate = {2021-02-17},
	language = {english},
	hyphenation = {english},
	url = {https://www.overleaf.com/learn/latex/bibliography_management_with_bibtex#The_bibliography_file},
	abstract = {{An online LaTeX editor that's easy to use. No installation, real-time collaboration, version control, hundreds of LaTeX templates, and more.}}
}

@online{Styles2021,
	author = {{Overleaf Learn website Authors}},
	title = {{Bibtex bibliography styles}},
	year = {2021},
	month = {Feb},
	date = {2021-02-17},
	urldate = {2021-02-17},
	language = {english},
	hyphenation = {english},
	url = {https://www.overleaf.com/learn/latex/bibtex_bibliography_styles},
	abstract = {{An online LaTeX editor that's easy to use. No installation, real-time collaboration, version control, hundreds of LaTeX templates, and more.}}
}

@misc{ IslandersWiki,
	author = "{Wikipedia contributors}",
	title = "Islanders (video game) --- {Wikipedia}{,} The Free Encyclopedia",
	year = "2021",
	url = "https://en.wikipedia.org/w/index.php?title=Islanders_(video_game)&oldid=1007437888",
	note = "[Online; accessed 12-March-2021]"
}

@misc{ DorfromantikHomepage,
	author = "{Toukana Interactive}",
	title = "Dorfromantik by Toukana",
	year = "2021",
	url = "https://toukana.itch.io/dorfromantik",
	note = "[Online; accessed 12-March-2021]"
}